@book{mah,
	author = {Вася Невасев},
	title = {Гармония в теории},
	address = {Москва},
	publisher = {Музыка},
	year = {1982},
	numpages = {100},
	language = {russian}
}
@book{tilb,
	author = {Невася Васев},
	title = {Теория в гармонии},
	address = {Москва},
	publisher = {Музыка},
	year = {1979},
	numpages = {1024},
	language = {russian}
}
@book{vas,
	author = {Н. Невася},
	title = {Теория в теории},
	address = {Москва},
	publisher = {Музыка},
	year = {1911},
	numpages = {69},
	language = {russian}
}
@book{ish,
	author = {Н. Невася},
	title = {Теория в теории},
	address = {Москва},
	publisher = {Музыка},
	year = {1911},
	numpages = {69},
	language = {russian}
}
@book{ngu,
	author = {Н. Невася},
	title = {Теория в теории},
	address = {Москва},
	publisher = {Музыка},
	year = {1911},
	numpages = {69},
	language = {russian}
}
@book{hoff,
	author = {Н. Невася},
	title = {Теория в теории},
	address = {Москва},
	publisher = {Музыка},
	year = {1911},
	numpages = {69},
	language = {russian}
}
@book{chong,
	author = {Н. Невася},
	title = {Теория в теории},
	address = {Москва},
	publisher = {Музыка},
	year = {1911},
	numpages = {69},
	language = {russian}
}
@book{nitaj,
	author = {Н. Невася},
	title = {Теория в теории},
	address = {Москва},
	publisher = {Музыка},
	year = {1911},
	numpages = {69},
	language = {russian}
}